<mx:record xmlns="http://www.w3.org/TR/xhtml1/strict" xmlns:mx="http://www.loc.gov/MARC21/slim" xmlns:xsi="http://www.w3.org/2001/XMLSchema-instance"><mx:leader>00000nz   2200000n  4500</mx:leader><mx:controlfield tag="001">oca03988210 </mx:controlfield><mx:controlfield tag="005">19960118070038.8</mx:controlfield><mx:controlfield tag="008">960117n| acannaab|          |a aaa     c</mx:controlfield><mx:datafield ind1=" " ind2=" " tag="010"><mx:subfield code="a">no 96002296 </mx:subfield></mx:datafield><mx:datafield ind1=" " ind2=" " tag="040"><mx:subfield code="a">MdU</mx:subfield><mx:subfield code="c">MdU</mx:subfield></mx:datafield><mx:datafield ind1="0" ind2=" " tag="100"><mx:subfield code="a">Raimond,</mx:subfield><mx:subfield code="c">d'Aguilers</mx:subfield></mx:datafield><mx:datafield ind1="1" ind2=" " tag="400"><mx:subfield code="a">Aguilers, Raimond d'</mx:subfield></mx:datafield><mx:datafield ind1="0" ind2=" " tag="400"><mx:subfield code="a">Raimond,</mx:subfield><mx:subfield code="c">d'Agiles</mx:subfield></mx:datafield><mx:datafield ind1="0" ind2=" " tag="400"><mx:subfield code="a">Raimond,</mx:subfield><mx:subfield code="c">d'Agile</mx:subfield></mx:datafield><mx:datafield ind1="0" ind2=" " tag="400"><mx:subfield code="a">Raimond,</mx:subfield><mx:subfield code="c">d'Aï</mx:subfield></mx:datafield><mx:datafield ind1="0" ind2=" " tag="400"><mx:subfield code="a">Raymond,</mx:subfield><mx:subfield code="c">of Agiles</mx:subfield></mx:datafield><mx:datafield ind1="0" ind2=" " tag="400"><mx:subfield code="a">Raymond,</mx:subfield><mx:subfield code="c">of Aguilers</mx:subfield></mx:datafield><mx:datafield ind1="0" ind2=" " tag="400"><mx:subfield code="a">Raimund,</mx:subfield><mx:subfield code="c">von Aguilers</mx:subfield></mx:datafield><mx:datafield ind1="0" ind2=" " tag="400"><mx:subfield code="a">Raimond,</mx:subfield><mx:subfield code="c">d'Aiguilhe</mx:subfield></mx:datafield><mx:datafield ind1="0" ind2=" " tag="400"><mx:subfield code="a">Raymond,</mx:subfield><mx:subfield code="c">d'Aiguilhe</mx:subfield></mx:datafield><mx:datafield ind1="1" ind2=" " tag="400"><mx:subfield code="a">Agiles, Raimundus de</mx:subfield></mx:datafield><mx:datafield ind1="0" ind2=" " tag="400"><mx:subfield code="a">Raymond,</mx:subfield><mx:subfield code="c">d'Agiles</mx:subfield></mx:datafield><mx:datafield ind1="0" ind2=" " tag="400"><mx:subfield code="a">Raymond,</mx:subfield><mx:subfield code="c">d'Aguilers</mx:subfield></mx:datafield><mx:datafield ind1="0" ind2=" " tag="400"><mx:subfield code="a">Raimundus,</mx:subfield><mx:subfield code="c">de Agiles</mx:subfield></mx:datafield><mx:datafield ind1=" " ind2=" " tag="670"><mx:subfield code="a">Historia Francorum qui ceperunt Iherusalem, 1968:</mx:subfield><mx:subfield code="b">t.p. (Raymond d'Aguilers) p. 9 (Raimund von Aguilers)</mx:subfield></mx:datafield><mx:datafield ind1=" " ind2=" " tag="670"><mx:subfield code="a">GDEL, 1982</mx:subfield><mx:subfield code="b">(Raimond d'Aguilers; d'Agiles; d'Agile; d'Aï)</mx:subfield></mx:datafield><mx:datafield ind1=" " ind2=" " tag="670"><mx:subfield code="a">New Cath. encyc.</mx:subfield><mx:subfield code="b">(Raymond of Agiles; Aguilers; fl. late 11th cent.; chaplain of Raymond of Toulouse)</mx:subfield></mx:datafield><mx:datafield ind1=" " ind2=" " tag="670"><mx:subfield code="a">BN</mx:subfield><mx:subfield code="b">(hdg.: Raimond d'Aiguilhe)</mx:subfield></mx:datafield><mx:datafield ind1=" " ind2=" " tag="670"><mx:subfield code="a">BN, Série 1</mx:subfield><mx:subfield code="b">(hdg.: Raymond d'Aiguilhe)</mx:subfield></mx:datafield><mx:datafield ind1=" " ind2=" " tag="670"><mx:subfield code="a">BLC</mx:subfield><mx:subfield code="b">(hdg.: Agiles, Raimundus de)</mx:subfield></mx:datafield><mx:datafield ind1=" " ind2=" " tag="670"><mx:subfield code="a">Grande encyc. inventaire raisonné</mx:subfield><mx:subfield code="b">(Raymond d'Agiles; d'Aguilers)</mx:subfield></mx:datafield><mx:datafield ind1=" " ind2=" " tag="670"><mx:subfield code="a">NUC pre-56</mx:subfield><mx:subfield code="b">(hdg.: Raimundus de Agiles; usage: Raimond d'Agiles; Raimundi de Agiles)</mx:subfield></mx:datafield><mx:datafield ind1=" " ind2=" " tag="999"><mx:subfield code="a">20</mx:subfield></mx:datafield></mx:record>